<record><leader>00000cas a22000007a 4500</leader><controlfield tag="001">13276644</controlfield><controlfield tag="008">860310d19571974wiuwr ne      0    0eng d</controlfield><datafield ind1=" " ind2=" " tag="010"><subfield code="a">sn 86086356 </subfield></datafield><datafield ind1=" " ind2=" " tag="040"><subfield code="a">NPV</subfield><subfield code="b">eng</subfield><subfield code="c">NPV</subfield><subfield code="d">OCLCQ</subfield></datafield><datafield ind1=" " ind2=" " tag="042"><subfield code="a">msc</subfield></datafield><datafield ind1=" " ind2=" " tag="045"><subfield code="a">x5x7</subfield></datafield><datafield ind1=" " ind2=" " tag="052"><subfield code="a">4123</subfield><subfield code="b">W6</subfield><subfield code="b">O8</subfield></datafield><datafield ind1="0" ind2=" " tag="130"><subfield code="a">New London press (New London, Wis. : 1957)</subfield></datafield><datafield ind1="1" ind2="0" tag="245"><subfield code="a">New London press.</subfield></datafield><datafield ind1="1" ind2="3" tag="246"><subfield code="a">New London press shopper</subfield></datafield><datafield ind1="1" ind2="3" tag="246"><subfield code="a">New London press farmer</subfield></datafield><datafield ind1="1" ind2="7" tag="246"><subfield code="a">Press farmer</subfield></datafield><datafield ind1="1" ind2="3" tag="246"><subfield code="a">Press shopper</subfield></datafield><datafield ind1="1" ind2="3" tag="246"><subfield code="a">Press-star shopper</subfield></datafield><datafield ind1="1" ind2="3" tag="246"><subfield code="a">New London press-Hortonville star shopper</subfield></datafield><datafield ind1=" " ind2=" " tag="260"><subfield code="a">New London, Wis. :</subfield><subfield code="b">G.O. Culver,</subfield><subfield code="c">1957-1974.</subfield></datafield><datafield ind1=" " ind2=" " tag="300"><subfield code="a">19 v. :</subfield><subfield code="b">ill.</subfield></datafield><datafield ind1=" " ind2=" " tag="310"><subfield code="a">Weekly</subfield></datafield><datafield ind1=" " ind2=" " tag="321"><subfield code="a">Semiweekly,</subfield><subfield code="b">Sept. 10, 1957-Nov. 27, 1958</subfield></datafield><datafield ind1=" " ind2=" " tag="321"><subfield code="a">Weekly,</subfield><subfield code="b">Dec. 4, 1958-Jan. 26, 1962</subfield></datafield><datafield ind1=" " ind2=" " tag="321"><subfield code="a">Semiweekly,</subfield><subfield code="b">Feb. 2, 1962-May 12, 1972</subfield></datafield><datafield ind1="0" ind2=" " tag="362"><subfield code="a">Vol. 65, no. 118 (Sept. 10, 1957)-v. 83, no. 25 (June 20, 1974).</subfield></datafield><datafield ind1=" " ind2=" " tag="500"><subfield code="a">Added masthead: New London press farmer, Dec. 4, 1958-Jan. 10, 1962.</subfield></datafield><datafield ind1=" " ind2=" " tag="500"><subfield code="a">Title alternates every other issue: New London press shopper, March 10, 1965-June 25, 1969; Press shopper, Nov. 5, 1969-May 20, 1970; Press-star shopper, May 27-Dec. 2, 1970; New London press shopper, Dec. 9, 1970-March 1, 1972; New London press-Hortonville star shopper, March 9-May 10, 1972.</subfield></datafield><datafield ind1=" " ind2=" " tag="500"><subfield code="a">Editors: R. Harrison, Feb. 23, 1962-Feb. 8, 1963; S. Vance, June 18, 1971-May 12, 1972.</subfield></datafield><datafield ind1=" " ind2=" " tag="530"><subfield code="a">Available on microfilm from The State Historical Society of Wisconsin.</subfield></datafield><datafield ind1=" " ind2=" " tag="752"><subfield code="a">United States</subfield><subfield code="b">Wisconsin</subfield><subfield code="c">Waupaca</subfield><subfield code="d">New London.</subfield></datafield><datafield ind1=" " ind2=" " tag="752"><subfield code="a">United States</subfield><subfield code="b">Wisconsin</subfield><subfield code="c">Outagamie</subfield><subfield code="d">New London.</subfield></datafield><datafield ind1=" " ind2=" " tag="752"><subfield code="a">United States</subfield><subfield code="b">Wisconsin</subfield><subfield code="c">Outagamie</subfield><subfield code="d">Hortonville.</subfield></datafield><datafield ind1="0" ind2="0" tag="780"><subfield code="t">New London daily press</subfield><subfield code="w">(DLC)sn 86086355</subfield></datafield><datafield ind1="0" ind2="7" tag="785"><subfield code="t">Hortonville star</subfield><subfield code="w">(DLC)sn 85040621</subfield></datafield><datafield ind1="0" ind2="7" tag="785"><subfield code="t">Press-star (New London, Wis. : 1974)</subfield><subfield code="w">(DLC)sn 86086357</subfield></datafield><datafield ind1="1" ind2=" " tag="029"><subfield code="a">AU@</subfield><subfield code="b">000025827376</subfield></datafield></record>